%YAML 1.1
%TAG !u! tag:unity3d.com,2011:
--- !u!1 &5476491864974240549
GameObject:
  m_ObjectHideFlags: 0
  m_CorrespondingSourceObject: {fileID: 0}
  m_PrefabInstance: {fileID: 0}
  m_PrefabAsset: {fileID: 0}
  serializedVersion: 6
  m_Component:
  - component: {fileID: 7000345827697672625}
  - component: {fileID: 1424079478798879715}
  m_Layer: 0
  m_Name: Asteroids_256x256_009
  m_TagString: Untagged
  m_Icon: {fileID: 0}
  m_NavMeshLayer: 0
  m_StaticEditorFlags: 0
  m_IsActive: 1
--- !u!4 &7000345827697672625
Transform:
  m_ObjectHideFlags: 0
  m_CorrespondingSourceObject: {fileID: 0}
  m_PrefabInstance: {fileID: 0}
  m_PrefabAsset: {fileID: 0}
  m_GameObject: {fileID: 5476491864974240549}
  m_LocalRotation: {x: -0, y: -0, z: -0, w: 1}
  m_LocalPosition: {x: 0, y: 0, z: 0}
  m_LocalScale: {x: 1, y: 1, z: 1}
  m_Children: []
  m_Father: {fileID: 7081332725687036389}
  m_RootOrder: 1
  m_LocalEulerAnglesHint: {x: 0, y: 0, z: 0}
--- !u!212 &1424079478798879715
SpriteRenderer:
  m_ObjectHideFlags: 0
  m_CorrespondingSourceObject: {fileID: 0}
  m_PrefabInstance: {fileID: 0}
  m_PrefabAsset: {fileID: 0}
  m_GameObject: {fileID: 5476491864974240549}
  m_Enabled: 1
  m_CastShadows: 0
  m_ReceiveShadows: 0
  m_DynamicOccludee: 1
  m_MotionVectors: 1
  m_LightProbeUsage: 1
  m_ReflectionProbeUsage: 1
  m_RenderingLayerMask: 1
  m_RendererPriority: 0
  m_Materials:
  - {fileID: 10754, guid: 0000000000000000f000000000000000, type: 0}
  m_StaticBatchInfo:
    firstSubMesh: 0
    subMeshCount: 0
  m_StaticBatchRoot: {fileID: 0}
  m_ProbeAnchor: {fileID: 0}
  m_LightProbeVolumeOverride: {fileID: 0}
  m_ScaleInLightmap: 1
  m_PreserveUVs: 0
  m_IgnoreNormalsForChartDetection: 0
  m_ImportantGI: 0
  m_StitchLightmapSeams: 0
  m_SelectedEditorRenderState: 0
  m_MinimumChartSize: 4
  m_AutoUVMaxDistance: 0.5
  m_AutoUVMaxAngle: 89
  m_LightmapParameters: {fileID: 0}
  m_SortingLayerID: 0
  m_SortingLayer: 0
  m_SortingOrder: 0
  m_Sprite: {fileID: 21300000, guid: 9d0ad0301133e354c86f917bcb67e03f, type: 3}
  m_Color: {r: 1, g: 1, b: 1, a: 1}
  m_FlipX: 0
  m_FlipY: 0
  m_DrawMode: 0
  m_Size: {x: 2, y: 2}
  m_AdaptiveModeThreshold: 0.5
  m_SpriteTileMode: 0
  m_WasSpriteAssigned: 1
  m_MaskInteraction: 0
  m_SpriteSortPoint: 0
--- !u!1 &7081332725687036385
GameObject:
  m_ObjectHideFlags: 0
  m_CorrespondingSourceObject: {fileID: 0}
  m_PrefabInstance: {fileID: 0}
  m_PrefabAsset: {fileID: 0}
  serializedVersion: 6
  m_Component:
  - component: {fileID: 7081332725687036389}
  - component: {fileID: 7081332725687036388}
  - component: {fileID: 7081332725687036391}
  - component: {fileID: 7081332725687036390}
  - component: {fileID: 8796650284146767343}
  - component: {fileID: 9191172465236360175}
  m_Layer: 0
  m_Name: LargeAsteroid_red
  m_TagString: Hazard
  m_Icon: {fileID: 0}
  m_NavMeshLayer: 0
  m_StaticEditorFlags: 0
  m_IsActive: 1
--- !u!4 &7081332725687036389
Transform:
  m_ObjectHideFlags: 0
  m_CorrespondingSourceObject: {fileID: 0}
  m_PrefabInstance: {fileID: 0}
  m_PrefabAsset: {fileID: 0}
  m_GameObject: {fileID: 7081332725687036385}
  m_LocalRotation: {x: 0, y: 0, z: 0, w: 1}
  m_LocalPosition: {x: -2.34, y: 2.97, z: 0}
  m_LocalScale: {x: 1, y: 1, z: 1}
  m_Children:
  - {fileID: 946714002446260046}
  - {fileID: 7000345827697672625}
  m_Father: {fileID: 0}
  m_RootOrder: 0
  m_LocalEulerAnglesHint: {x: 0, y: 0, z: 0}
--- !u!50 &7081332725687036388
Rigidbody2D:
  serializedVersion: 4
  m_ObjectHideFlags: 0
  m_CorrespondingSourceObject: {fileID: 0}
  m_PrefabInstance: {fileID: 0}
  m_PrefabAsset: {fileID: 0}
  m_GameObject: {fileID: 7081332725687036385}
  m_BodyType: 0
  m_Simulated: 1
  m_UseFullKinematicContacts: 0
  m_UseAutoMass: 0
  m_Mass: 1
  m_LinearDrag: 0
  m_AngularDrag: 0
  m_GravityScale: 0
  m_Material: {fileID: 0}
  m_Interpolate: 0
  m_SleepingMode: 1
  m_CollisionDetection: 0
  m_Constraints: 0
--- !u!58 &7081332725687036391
CircleCollider2D:
  m_ObjectHideFlags: 0
  m_CorrespondingSourceObject: {fileID: 0}
  m_PrefabInstance: {fileID: 0}
  m_PrefabAsset: {fileID: 0}
  m_GameObject: {fileID: 7081332725687036385}
  m_Enabled: 1
  m_Density: 1
  m_Material: {fileID: 0}
  m_IsTrigger: 0
  m_UsedByEffector: 0
  m_UsedByComposite: 0
  m_Offset: {x: 0, y: 0}
  serializedVersion: 2
  m_Radius: 0.9
--- !u!114 &7081332725687036390
MonoBehaviour:
  m_ObjectHideFlags: 0
  m_CorrespondingSourceObject: {fileID: 0}
  m_PrefabInstance: {fileID: 0}
  m_PrefabAsset: {fileID: 0}
  m_GameObject: {fileID: 7081332725687036385}
  m_Enabled: 1
  m_EditorHideFlags: 0
  m_Script: {fileID: 11500000, guid: 958dc34f0e4aa67419ca324cbadc4e1f, type: 3}
  m_Name: 
  m_EditorClassIdentifier: 
  tumble: 5
--- !u!114 &8796650284146767343
MonoBehaviour:
  m_ObjectHideFlags: 0
  m_CorrespondingSourceObject: {fileID: 0}
  m_PrefabInstance: {fileID: 0}
  m_PrefabAsset: {fileID: 0}
  m_GameObject: {fileID: 7081332725687036385}
  m_Enabled: 1
  m_EditorHideFlags: 0
  m_Script: {fileID: 11500000, guid: 9828f42bf835c144ba1b71e1acbf38e5, type: 3}
  m_Name: 
  m_EditorClassIdentifier: 
  Damage: 1
  TargetTag: Player
--- !u!114 &9191172465236360175
MonoBehaviour:
  m_ObjectHideFlags: 0
  m_CorrespondingSourceObject: {fileID: 0}
  m_PrefabInstance: {fileID: 0}
  m_PrefabAsset: {fileID: 0}
  m_GameObject: {fileID: 7081332725687036385}
  m_Enabled: 1
  m_EditorHideFlags: 0
  m_Script: {fileID: 11500000, guid: 9aa84dd06eefd334abf3960a178dc401, type: 3}
  m_Name: 
  m_EditorClassIdentifier: 
  speed: -3
  destroyedEffect: {fileID: 6543323270182351032, guid: ab2be20d83b63154d8cb8afaf36a238f,
    type: 3}
  pointValue: 10
  healthBar: {fileID: 8631126963796288806}
  maxHits: 3
  circleExpandProjectile: {fileID: 198638618021345856, guid: cd7db4acc17180e43a7c933bb22ce348,
    type: 3}
  radius: 0.05
  numberOfProjectiles: 8
--- !u!1001 &2668565477767124172
PrefabInstance:
  m_ObjectHideFlags: 0
  serializedVersion: 2
  m_Modification:
    m_TransformParent: {fileID: 7081332725687036389}
    m_Modifications:
    - target: {fileID: 2894619903864374149, guid: f1a739a1e8873f44a8d860560017c1e7,
        type: 3}
      propertyPath: m_Name
      value: HealthBar
      objectReference: {fileID: 0}
    - target: {fileID: 2894619903864374146, guid: f1a739a1e8873f44a8d860560017c1e7,
        type: 3}
      propertyPath: m_LocalPosition.x
      value: 0
      objectReference: {fileID: 0}
    - target: {fileID: 2894619903864374146, guid: f1a739a1e8873f44a8d860560017c1e7,
        type: 3}
      propertyPath: m_LocalPosition.y
      value: 0
      objectReference: {fileID: 0}
    - target: {fileID: 2894619903864374146, guid: f1a739a1e8873f44a8d860560017c1e7,
        type: 3}
      propertyPath: m_LocalPosition.z
      value: 0
      objectReference: {fileID: 0}
    - target: {fileID: 2894619903864374146, guid: f1a739a1e8873f44a8d860560017c1e7,
        type: 3}
      propertyPath: m_LocalRotation.x
      value: -0
      objectReference: {fileID: 0}
    - target: {fileID: 2894619903864374146, guid: f1a739a1e8873f44a8d860560017c1e7,
        type: 3}
      propertyPath: m_LocalRotation.y
      value: -0
      objectReference: {fileID: 0}
    - target: {fileID: 2894619903864374146, guid: f1a739a1e8873f44a8d860560017c1e7,
        type: 3}
      propertyPath: m_LocalRotation.z
      value: -0
      objectReference: {fileID: 0}
    - target: {fileID: 2894619903864374146, guid: f1a739a1e8873f44a8d860560017c1e7,
        type: 3}
      propertyPath: m_LocalRotation.w
      value: 1
      objectReference: {fileID: 0}
    - target: {fileID: 2894619903864374146, guid: f1a739a1e8873f44a8d860560017c1e7,
        type: 3}
      propertyPath: m_RootOrder
      value: 0
      objectReference: {fileID: 0}
    - target: {fileID: 2894619903864374146, guid: f1a739a1e8873f44a8d860560017c1e7,
        type: 3}
      propertyPath: m_LocalEulerAnglesHint.x
      value: 0
      objectReference: {fileID: 0}
    - target: {fileID: 2894619903864374146, guid: f1a739a1e8873f44a8d860560017c1e7,
        type: 3}
      propertyPath: m_LocalEulerAnglesHint.y
      value: 0
      objectReference: {fileID: 0}
    - target: {fileID: 2894619903864374146, guid: f1a739a1e8873f44a8d860560017c1e7,
        type: 3}
      propertyPath: m_LocalEulerAnglesHint.z
      value: 0
      objectReference: {fileID: 0}
    - target: {fileID: 2894619903864374146, guid: f1a739a1e8873f44a8d860560017c1e7,
        type: 3}
      propertyPath: m_AnchoredPosition.x
      value: 0
      objectReference: {fileID: 0}
    - target: {fileID: 2894619903864374146, guid: f1a739a1e8873f44a8d860560017c1e7,
        type: 3}
      propertyPath: m_AnchoredPosition.y
      value: -1.2
      objectReference: {fileID: 0}
    - target: {fileID: 2894619903864374146, guid: f1a739a1e8873f44a8d860560017c1e7,
        type: 3}
      propertyPath: m_SizeDelta.x
      value: 50
      objectReference: {fileID: 0}
    - target: {fileID: 2894619903864374146, guid: f1a739a1e8873f44a8d860560017c1e7,
        type: 3}
      propertyPath: m_SizeDelta.y
      value: 5
      objectReference: {fileID: 0}
    - target: {fileID: 2894619903864374146, guid: f1a739a1e8873f44a8d860560017c1e7,
        type: 3}
      propertyPath: m_AnchorMin.x
      value: 0
      objectReference: {fileID: 0}
    - target: {fileID: 2894619903864374146, guid: f1a739a1e8873f44a8d860560017c1e7,
        type: 3}
      propertyPath: m_AnchorMin.y
      value: 0
      objectReference: {fileID: 0}
    - target: {fileID: 2894619903864374146, guid: f1a739a1e8873f44a8d860560017c1e7,
        type: 3}
      propertyPath: m_AnchorMax.x
      value: 0
      objectReference: {fileID: 0}
    - target: {fileID: 2894619903864374146, guid: f1a739a1e8873f44a8d860560017c1e7,
        type: 3}
      propertyPath: m_AnchorMax.y
      value: 0
      objectReference: {fileID: 0}
    - target: {fileID: 2894619903864374146, guid: f1a739a1e8873f44a8d860560017c1e7,
        type: 3}
      propertyPath: m_Pivot.x
      value: 0.5
      objectReference: {fileID: 0}
    - target: {fileID: 2894619903864374146, guid: f1a739a1e8873f44a8d860560017c1e7,
        type: 3}
      propertyPath: m_Pivot.y
      value: 0.5
      objectReference: {fileID: 0}
    - target: {fileID: 2894619904178099291, guid: f1a739a1e8873f44a8d860560017c1e7,
        type: 3}
      propertyPath: m_AnchorMax.x
      value: 0
      objectReference: {fileID: 0}
    - target: {fileID: 2894619904178099291, guid: f1a739a1e8873f44a8d860560017c1e7,
        type: 3}
      propertyPath: m_AnchorMax.y
      value: 0
      objectReference: {fileID: 0}
    m_RemovedComponents: []
  m_SourcePrefab: {fileID: 100100000, guid: f1a739a1e8873f44a8d860560017c1e7, type: 3}
--- !u!224 &946714002446260046 stripped
RectTransform:
  m_CorrespondingSourceObject: {fileID: 2894619903864374146, guid: f1a739a1e8873f44a8d860560017c1e7,
    type: 3}
  m_PrefabInstance: {fileID: 2668565477767124172}
  m_PrefabAsset: {fileID: 0}
--- !u!114 &8631126963796288806 stripped
MonoBehaviour:
  m_CorrespondingSourceObject: {fileID: 5967069496659259882, guid: f1a739a1e8873f44a8d860560017c1e7,
    type: 3}
  m_PrefabInstance: {fileID: 2668565477767124172}
  m_PrefabAsset: {fileID: 0}
  m_GameObject: {fileID: 0}
  m_Enabled: 1
  m_EditorHideFlags: 0
  m_Script: {fileID: 11500000, guid: c8d4a9d1223ea5545a383caaa4ed2877, type: 3}
  m_Name: 
  m_EditorClassIdentifier: 
